<collection xmlns="http://www.loc.gov/MARC21/slim">
<record>
  <leader>01846nam0a22002891i 450 </leader>
  <controlfield tag="001">IT\ICCU\CNCE\050173</controlfield>
  <controlfield tag="005">20071205000000.0</controlfield>
  <datafield tag="012" ind1=" " ind2=" ">
    <subfield code="a">TEx- ran- 11ua de*D (3) 1522 (R)</subfield>
    <subfield code="2">fei</subfield>
  </datafield>
  <datafield tag="100" ind1=" " ind2=" ">
    <subfield code="a">20000103d1522        0itac0103    ba</subfield>
  </datafield>
  <datafield tag="101" ind1=" " ind2=" ">
    <subfield code="a">ITA</subfield>
  </datafield>
  <datafield tag="102" ind1=" " ind2=" ">
    <subfield code="a">IT</subfield>
  </datafield>
  <datafield tag="200" ind1="1" ind2=" ">
    <subfield code="a">Sequitur la quarta opera de arithmetica &amp; geometria facta et ordinata per Ioanne de Ortega spagnuolo palentino, la quale fu composta in Messina in lo anno MDXXII regnante lo sanctissimo catholico imperatore d. Carlo re di Spagna vtriusque Sicilie et Ierusalem in lo suo tercio anno in lo tempo de lo summo pontifice papa Adriano sesto</subfield>
  </datafield>
  <datafield tag="210" ind1=" " ind2=" ">
    <subfield code="e">Stampata in la nobili chitati di Misina</subfield>
    <subfield code="g">per Giorgi &amp; Petrucio Spera patri &amp; figlio misinisi</subfield>
    <subfield code="h">1522 adi XXIII di decembro</subfield>
  </datafield>
  <datafield tag="215" ind1=" " ind2=" ">
    <subfield code="a">78 c.</subfield>
    <subfield code="c">ill.</subfield>
    <subfield code="d">fol</subfield>
  </datafield>
  <datafield tag="620" ind1=" " ind2=" ">
    <subfield code="a">IT</subfield>
    <subfield code="d">Messina</subfield>
  </datafield>
  <datafield tag="700" ind1=" " ind2="1">
    <subfield code="a">Ortega,</subfield>
    <subfield code="b">Juan : de</subfield>
    <subfield code="3">IT\ICCU\CNCA\012448</subfield>
  </datafield>
  <datafield tag="712" ind1="0" ind2="0">
    <subfield code="a">Spira, Giorgio &amp; Spira, Petruccio</subfield>
    <subfield code="3">IT\ICCU\CNCT\002026</subfield>
    <subfield code="4">650</subfield>
  </datafield>
  <datafield tag="790" ind1=" " ind2="1">
    <subfield code="a">De_Ortega,</subfield>
    <subfield code="b">Juan</subfield>
    <subfield code="3">IT\ICCU\CNCA\022261</subfield>
    <subfield code="z">Ortega, Juan : de</subfield>
  </datafield>
  <datafield tag="790" ind1=" " ind2="1">
    <subfield code="a">Hortega,</subfield>
    <subfield code="b">Johannes : de</subfield>
    <subfield code="3">IT\ICCU\CNCA\028718</subfield>
    <subfield code="z">Ortega, Juan : de</subfield>
  </datafield>
  <datafield tag="791" ind1="0" ind2="0">
    <subfield code="a">Spera, Giorgio &amp; Spera, Petruccio</subfield>
    <subfield code="3">IT\ICCU\CNCT\004103</subfield>
    <subfield code="z">Spira, Giorgio &amp; Spira, Petruccio</subfield>
  </datafield>
  <datafield tag="801" ind1=" " ind2="3">
    <subfield code="a">IT</subfield>
    <subfield code="b">ICCU</subfield>
    <subfield code="c">20201115</subfield>
  </datafield>
  <datafield tag="899" ind1=" " ind2=" ">
    <subfield code="a">Biblioteca civica Queriniana. Brescia</subfield>
    <subfield code="1">BS0026</subfield>
    <subfield code="2">ZBS 01</subfield>
  </datafield>
  <datafield tag="899" ind1=" " ind2=" ">
    <subfield code="a">Biblioteca regionale universitaria. Messina</subfield>
    <subfield code="1">ME0050</subfield>
    <subfield code="2">PAL BM</subfield>
  </datafield>
  <datafield tag="899" ind1=" " ind2=" ">
    <subfield code="a">Biblioteca centrale della Regione siciliana Alberto Bombace. Palermo</subfield>
    <subfield code="1">PA0064</subfield>
    <subfield code="2">PAL BP</subfield>
  </datafield>
  <datafield tag="899" ind1=" " ind2=" ">
    <subfield code="a">Biblioteca del Seminario Vescovile della Facolt ̉Teologica del Triveneto dell&apos;Istituto Filosofico Aloisianum. Padova</subfield>
    <subfield code="1">PD0073</subfield>
    <subfield code="2">PUV 01</subfield>
  </datafield>
  <datafield tag="911" ind1=" " ind2=" ">
    <subfield code="a">in fine</subfield>
    <subfield code="9">IT\ICCU\CNCM\000950</subfield>
  </datafield>
  <datafield tag="921" ind1=" " ind2=" ">
    <subfield code="a">IT\ICCU\CNCM\000950</subfield>
    <subfield code="b">Cerchio con croce latina. All&apos;interno le iniziali G.R.L. e un agnello accosciato sormontato da stella a otto punte</subfield>
    <subfield code="c">K106</subfield>
    <subfield code="f">AGNELLO</subfield>
    <subfield code="f">STELA</subfield>
    <subfield code="f">CERCHIO CR</subfield>
    <subfield code="f">GRL</subfield>
    <subfield code="g">1522</subfield>
  </datafield>
</record>
</collection>
